<?xml version="1.0" encoding="UTF-8"?><collection xmlns="http://www.loc.gov/MARC21/slim"><record><leader>00351nam--2200133-i-4500</leader><controlfield tag="001">000043725</controlfield><controlfield tag="002">20161230</controlfield><controlfield tag="005">20161230201044</controlfield><controlfield tag="008">060222s1000------------r-----000-0-eng-d</controlfield><datafield ind1=" " ind2=" " tag="245"><subfield code="a">Structure reports</subfield></datafield><datafield ind1=" " ind2=" " tag="260"><subfield code="a">Utrecht, N.V.A.Oosthoek`S Uitgevers Mij, 1955</subfield></datafield><datafield ind1=" " ind2=" " tag="490"><subfield code="a">International Union Of Crystallography</subfield></datafield><datafield ind1=" " ind2=" " tag="700"><subfield code="a">Wilson,A.J.C</subfield></datafield><datafield ind1=" " ind2=" " tag="852"><subfield code="a">10537</subfield></datafield></record></collection>